@inproceedings{wang2016towards,
  title={Towards effectively test report classification to assist crowdsourced testing},
  author={Wang, Junjie and Cui, Qiang and Wang, Qing and Wang, Song},
  booktitle={Proceedings of the 10th ACM/IEEE International Symposium on Empirical Software Engineering and Measurement},
  pages={6},
  year={2016},
  organization={ACM}
}

@inproceedings{wang2016local,
  title={Local-based active classification of test report to assist crowdsourced testing},
  author={Wang, Junjie and Wang, Song and Cui, Qiang and Wang, Qing},
  booktitle={Automated Software Engineering (ASE), 2016 31st International Conference on},
  pages={190--201},
  year={2016},
  organization={IEEE}
}

@inproceedings{wang2017domain,
  title={Domain adaptation for test report classification in crowdsourced testing},
  author={Wang, Junjie and Cui, Qiang and Wang, Song and Wang, Qing},
  booktitle={Proceedings of the 39th International Conference on Software Engineering: Software Engineering in Practice Track},
  pages={83--92},
  year={2017},
  organization={IEEE Press}
}
@inproceedings{xie2017cocoon,
  title={COCOON: Crowdsourced Testing Quality Maximization Under Context Coverage Constraint},
  author={Xie, Miao and Wang, Qing and Yang, Guowei and Li, Mingshu},
  booktitle={2017 IEEE 28th International Symposium on Software Reliability Engineering (ISSRE)},
  pages={316--327},
  year={2017},
  organization={IEEE}
}

@inproceedings{cui2017who,
  title={Who Should Be Selected to Perform a Task in Crowdsourced Testing?},
  author={Cui, Qiang and Wang, Junjie and Yang, Guowei and Xie, Miao and Wang, Qing and Li, Mingshu},
  booktitle={Computer Software and Applications Conference (COMPSAC), 2017 IEEE 41st Annual},
  volume={1},
  pages={75--84},
  year={2017},
  organization={IEEE}
}


@inproceedings{cui2017multi,
  title={Multi-Objective Crowd Worker Selection in Crowdsourced Testing},
  author={Cui, Qiang and Wang, Song and Wang, Junjie and Hu, Yuanzhe and Wang, Qing and Li, Mingshu},
  booktitle={29th International Conference on Software Engineering and Knowledge Engineering (SEKE)},
  pages={218--223},
  year={2017}
}

@misc{link_crowdtest,
  howpublished = {\url{http://www.softwaretestinghelp.com/crowdsourced-testing-companies/}},
  year ={2018}
}

@article{mao2017survey,
  title={A survey of the use of crowdsourcing in software engineering},
  author={Mao, Ke and Capra, Licia and Harman, Mark and Jia, Yue},
  journal={Journal of Systems and Software},
  volume={126},
  pages={57--84},
  year={2017},
  publisher={Elsevier}
}

@article{chen2018research,
  title={Research Progress of Crowdsourced Software Testing},
  author={Zhang, Xiaofang and Feng, Yang and Liu, Di and Chen, Zhenyu and Xu, Baowen},
  journal={Journal of Software},
  volume={29(1)},
  pages={69-88},
  year={2018}
}

@inproceedings{feng2015test,
  title={Test report prioritization to assist crowdsourced testing.},
  author={Feng, Yang and Chen, Zhenyu and Jones, James A and Fang, Chunrong and Xu, Baowen},
  booktitle={Proceedings of the 2015 10th Joint Meeting on Foundations of Software Engineering},
  pages={225--236},
  year={2015}
}

@inproceedings{feng2016multi,
  title={Multi-objective test report prioritization using image understanding},
  author={Feng, Yang and Jones, James A and Chen, Zhenyu and Fang, Chunrong},
  booktitle={Automated Software Engineering (ASE), 2016 31st IEEE/ACM International Conference on},
  pages={202--213},
  year={2016},
  organization={IEEE}
}


@book{data_ming,
  title={Data Mining: Practical machine learning tools and techniques},
  author={Witten, Ian H and Frank, Eibe},
  year={2005},
  publisher={Morgan Kaufmann}
}


@article{leicht2017leveraging,
  title={Leveraging the Power of the Crowd for Software Testing},
    author={Leicht, Niklas and Blohm, Ivo and Leimeister, Jan Marco},
	  journal={IEEE Software},
	    volume={34},
		  number={2},
		    pages={62--69},
			  year={2017},
			    publisher={IEEE}
}

@ARTICLE{gomide2014affective,
	AUTHOR = "V. H. M. Gomide and P. A. Valle and J. O. Ferreira and J. R. G. Barbosa and A. F. da Rocha and T. M. G. d. A. Barbosa",
	TITLE = "Affective crowdsourcing applied to usability testing",
	JOURNAL = "Int. J. of Computer Science and Information Technologies",
	VOLUME = {5},
	NUMBER = {1},
	PAGES = {575--579},
	YEAR = {2014}
}

@inproceedings{maria2016reproducing,
  title={Reproducing context-sensitive crashes of mobile apps using crowdsourced monitoring},
  author={G{\'o}mez, Mar{\'\i}a and Rouvoy, Romain and Adams, Bram and Seinturier, Lionel},
  booktitle={Mobile Software Engineering and Systems (MOBILESoft), 2016 IEEE/ACM International Conference on},
  pages={88--99},
  year={2016},
  organization={IEEE}
}


@ARTICLE{musson2013leveraing,
	AUTHOR = "R. Musson and J. Richards and D. Fisher and C. Bird and B. Bussone and S. Ganguly",
	TITLE = "Leveraging the Crowd: How 48,000 Users Helped Improve Lync Performance",
	JOURNAL = "IEEE Software",
	VOLUME = {30},
	NUMBER = {4},
	PAGES = {38--45},
	YEAR = {2013}
}

@inproceedings{chen2012puzzle,
  title={Puzzle-based automatic testing: Bringing humans into the loop by solving puzzles},
  author={Chen, Ning and Kim, Sunghun},
  booktitle={Proceedings of the 27th IEEE/ACM International Conference on Automated Software Engineering},
  pages={140--149},
  year={2012},
  organization={ACM}
}


@ARTICLE{briand2000comprehensive,
author={L. C. Briand and K. El Emam and B. G. Freimut and O. Laitenberger},
journal={IEEE Transactions on Software Engineering},
title={A comprehensive evaluation of capture-recapture models for estimating software defect content},
year={2000},
volume={26},
number={6},
pages={518-540},
}

@INPROCEEDINGS{walia2009evaluating,
author={G. S. Walia and J. C. Carver},
booktitle={2009 International Conference on Software Testing Verification and Validation},
title={Evaluating the Effect of the Number of Naturally Occurring Faults on the Estimates Produced by Capture-Recapture Models},
year={2009},
volume={},
number={},
pages={210-219},
}

@inproceedings{rong2017towards,
 author = {Rong, Guoping and Liu, Bohan and Zhang, He and Zhang, Qiuping and Shao, Dong},
 title = {Towards Confidence with Capture-recapture Estimation: An Exploratory Study of Dependence Within Inspections},
 booktitle = {Proceedings of the 21st International Conference on Evaluation and Assessment in Software Engineering},
 series = {EASE'17},
 year = {2017},
 pages = {242--251},
 numpages = {10},
}

@inproceedings{mandala2012application,
 author = {Mandala, Narendar R. and Walia, Gursimran S. and Carver, Jeffrey C. and Nagappan, Nachiappan},
 title = {Application of Kusumoto Cost-metric to Evaluate the Cost Effectiveness of Software Inspections},
 booktitle = {Proceedings of the ACM-IEEE International Symposium on Empirical Software Engineering and Measurement},
 series = {ESEM '12},
 year = {2012},
 isbn = {978-1-4503-1056-7},
 location = {Lund, Sweden},
 pages = {221--230},
}

@article{chun2006estimating,
author = "Young H.Chun",
title = "Estimating the number of undetected software errors via the correlated capture-recapture model",
journal = "European Journal of Operational Research",
volume = "175",
number = "2",
pages = "1180 - 1192",
year = "2006"
}

@article{goswami2015using,
  title={Using Learning Styles of Software Professionals to Improve their Inspection Team Performance},
  author={Goswami, Anurag and Walia, Gursimran and Singh, Abhinav},
  journal={International Journal of Software Engineering and Knowledge Engineering},
  volume={25},
  number={09-10},
  pages={1721--1726},
  year={2015}
}

@article{vitharana2017defect,
  title={Defect propagation at the project-level: results and a post-hoc analysis on inspection efficiency},
  author={Vitharana, Padmal},
  journal={Empirical Software Engineering},
  volume={22},
  number={1},
  pages={57--79},
  year={2017}
}

@inproceedings{eick1992estimating,
  title={Estimating software fault content before coding},
  author={Eick, Stephen G and Loader, Clive R and Long, M David and Votta, Lawrence G and Vander Wiel, Scott},
  booktitle={Proceedings of the 14th international conference on Software engineering},
  pages={59--65},
  year={1992}
}
@article{eick1993many,
  title={How many errors remain in a software design document after inspection?},
  author={Eick, Stephen G and Loader, Clive R and Vander Wiel, Scott A and Votta, Lawrence G},
  journal={Computing science and statistics},
  pages={195--195},
  year={1993}
}


@book{myers2011art,
  title={The art of software testing},
  author={Myers, Glenford J and Sandler, Corey and Badgett, Tom},
  year={2011},
  publisher={John Wiley \& Sons}
}

@book{lewis2016software,
  title={Software testing and continuous quality improvement},
  author={Lewis, William E},
  year={2016},
  publisher={CRC press}
}

@article{nam2017heterogeneous,
  title={Heterogeneous defect prediction},
  author={Nam, Jaechang and Fu, Wei and Kim, Sunghun and Menzies, Tim and Tan, Lin},
  journal={IEEE Transactions on Software Engineering},
  year={2017},
  publisher={IEEE}
}
@article{menzies2007data,
  title={Data mining static code attributes to learn defect predictors},
  author={Menzies, Tim and Greenwald, Jeremy and Frank, Art},
  journal={IEEE transactions on software engineering},
  volume={33},
  number={1},
  pages={2--13},
  year={2007},
  publisher={IEEE}
}

@inproceedings{agrawal2017better,
 title={" Better Data" is Better than" Better Data Miners"(Benefits of Tuning SMOTE for Defect Prediction)},
 author={Agrawal, Amritanshu and Menzies, Tim},
	  booktitle={Proceedings of the 40th International Conference on Software engineering},
 year={2018}
}

@article{Mthlee1996estimating,
  title={Estimating population size for capture-recapture data when capture probabilities vary by time, behavior and individual animal},
  author={Lee, Shen-Ming},
  journal={Communications in Statistics-Simulation and Computation},
  volume={25},
  number={2},
  pages={431--457},
  year={1996},
  publisher={Taylor \& Francis}
}

@article{MhJKburnham1978estimation,
  title={Estimation of the size of a closed population when capture probabilities vary among animals},
  author={Burnham, Kenneth P and Overton, Walter Scott},
  journal={Biometrika},
  volume={65},
  number={3},
  pages={625--633},
  year={1978},
  publisher={Oxford University Press}
}

@article{MtCHchao1987estimating,
  title={Estimating the population size for capture-recapture data with unequal catchability},
  author={Chao, Anne},
  journal={Biometrics},
  pages={783--791},
  year={1987},
  publisher={JSTOR}
}

@article{MhCHchao1988estimating,
  title={Estimating animal abundance with capture frequency data},
  author={Chao, Anne},
  journal={The Journal of Wildlife Management},
  pages={295--300},
  year={1988},
  publisher={JSTOR}
}

@article{M0laplace1783naissances,
  title={Sur les naissances, les mariages et les morts},
  author={Laplace, Pierre S},
  journal={Histaire de I'Academie Royale des Sciences},
  pages={693},
  year={1783},
  publisher={Impr. Royale Paris}
}

@inproceedings{liu2015adoption,
  title={The adoption of capture-recapture in software engineering: a systematic literature review},
  author={Liu, Gaoxuan and Rong, Guoping and Zhang, He and Shan, Qi},
  booktitle={Proceedings of the 19th International Conference on Evaluation and Assessment in Software Engineering},
  pages={15},
  year={2015},
  organization={ACM}
}

@inproceedings{Kneecormack2016engineering,
  title={Engineering quality and reliability in technology-assisted review},
  author={Cormack, Gordon V and Grossman, Maura R},
  booktitle={Proceedings of the 39th International ACM SIGIR conference on Research and Development in Information Retrieval},
  pages={75--84},
  year={2016},
  organization={ACM}
}

@book{Arrivallaird2006software,
  title={Software measurement and estimation: a practical approach},
  author={Laird, Linda M and Brennan, M Carol},
  volume={2},
  year={2006},
  publisher={John Wiley \& Sons}
}

@inproceedings{brighton2006robust,
  title={Robust Inference with Simple Cognitive Models},
  author={Brighton, Henry},
  booktitle={AAAI spring symposium: Between a rock and a hard place: Cognitive science principles meet AI-hard problems},
  pages={17--22},
  year={2006}
}

@inproceedings{fu2017easy,
  title={Easy over hard: a case study on deep learning},
  author={Fu, Wei and Menzies, Tim},
  booktitle={Proceedings of the 2017 11th Joint Meeting on Foundations of Software Engineering},
  pages={49--60},
  year={2017},
  organization={ACM}
}


@inproceedings{wang2017qtep,
  title={Q{TEP}: quality-aware test case prioritization},
  author={Wang, Song and Nam, Jaechang and Tan, Lin},
  booktitle={Proceedings of the 2017 11th Joint Meeting on Foundations of Software Engineering},
  pages={523--534},
  year={2017},
  organization={ACM}
}

@inproceedings{shi2015comparing,
  title={Comparing and combining test-suite reduction and regression test selection},
  author={Shi, August and Yung, Tifany and Gyori, Alex and Marinov, Darko},
  booktitle={Proceedings of the 2015 10th Joint Meeting on Foundations of Software Engineering},
  pages={237--247},
  year={2015},
  organization={ACM}
}


@inproceedings{harman2015empirical,
  title={Empirical evaluation of pareto efficient multi-objective regression test case prioritisation},
  author={Epitropakis, Michael G and Yoo, Shin and Harman, Mark and Burke, Edmund K},
  booktitle={Proceedings of the 2015 International Symposium on Software Testing and Analysis},
  pages={234--245},
  year={2015},
  organization={ACM}
}

@inproceedings{saha2015information,
  title={An information retrieval approach for regression test prioritization based on program changes},
  author={Saha, Ripon K and Zhang, Lingming and Khurshid, Sarfraz and Perry, Dewayne E},
  booktitle={Software Engineering (ICSE), 2015 IEEE/ACM 37th IEEE International Conference on},
  volume={1},
  pages={268--279},
  year={2015},
  organization={IEEE}
}

@article{panichella2015improving,
  title={Improving multi-objective test case selection by injecting diversity in genetic algorithms},
  author={Panichella, Annibale and Oliveto, Rocco and Di Penta, Massimiliano and De Lucia, Andrea},
  journal={IEEE Transactions on Software Engineering},
  volume={41},
  number={4},
  pages={358--383},
  year={2015},
  publisher={IEEE}
}

@article{garg2011stop,
  title={When to stop testing: a study from the perspective of software reliability models},
  author={Garg, Mohit and Lai, Richard and Huang, S Jen},
  journal={IET software},
  volume={5},
  number={3},
  pages={263--273},
  year={2011},
  publisher={IET}
}

@inproceedings{garg2013method,
  title={A method for selecting a model to estimate the reliability of a software component in a dynamic system},
  author={Garg, M and Lai, R and Kapur, PK},
  booktitle={Software Engineering Conference (ASWEC), 2013 22nd Australian},
  pages={40--50},
  year={2013},
  organization={IEEE}
}

@inproceedings{iqbal2013software,
  title={A software reliability growth model with two types of learning},
  author={Iqbal, Javaid and Ahmad, N and Quadri, SMK},
  booktitle={Machine Intelligence and Research Advancement (ICMIRA), 2013 International Conference on},
  pages={498--503},
  year={2013},
  organization={IEEE}
}

@inproceedings{henard2016comparing,
  title={Comparing white-box and black-box test prioritization},
  author={Henard, Christopher and Papadakis, Mike and Harman, Mark and Jia, Yue and Le Traon, Yves},
  booktitle={Software Engineering (ICSE), 2016 IEEE/ACM 38th International Conference on},
  pages={523--534},
  year={2016},
  organization={IEEE}
}

@article{lyu1996handbook,
  title={Handbook of software reliability engineering},
  author={Lyu, Michael R and others},
  year={1996},
  publisher={IEEE computer society press CA}
}

@book{yamada2014software,
  title={Software reliability modeling: fundamentals and applications},
  author={Yamada, Shigeru},
  volume={5},
  year={2014},
  publisher={Springer}
}

@book{kan2002metrics,
  title={Metrics and models in software quality engineering},
  author={Kan, Stephen H},
  year={2002},
  publisher={Addison-Wesley Longman Publishing Co., Inc.}
}

@article{jiang2018fuzzy,
  title={Fuzzy Clustering of Crowdsourced Test Reports for Apps},
  author={Jiang, He and Chen, Xin and He, Tieke and Chen, Zhenyu and Li, Xiaochen},
  journal={ACM Transactions on Internet Technology (TOIT)},
  volume={18},
  number={2},
  pages={18},
  year={2018},
  publisher={ACM}
}